@article{knuth84,
  author = {Knuth, Donald E.},
  title = {Literate Programming},
  year = {1984},
  issue_date = {May 1984},
  publisher = {Oxford University Press, Inc.},
  address = {USA},
  volume = {27},
  number = {2},
  issn = {0010-4620},
  url = {https://doi.org/10.1093/comjnl/27.2.97},
  doi = {10.1093/comjnl/27.2.97},
  journal = {Comput. J.},
  month = may,
  pages = {97–111},
  numpages = {15}
}

@misc{IMOB,
  title={Mobilidade e funcionalidade do território nas Áreas Metropolitanas do Porto e de Lisboa: 2017}, 
  url={https://www.ine.pt/xportal/xmain?xpid=INE&xpgid=ine_publicacoes&PUBLICACOESpub_boui=349495406&PUBLICACOESmodo=2&xlang=pt}, 
  author={{Instituto National de Estatística}},
  address={Lisboa},
  isbn={978-989-25-0478-0},
  year={2018}
} 

@book{sf,
  author = {Edzer Pebesma and Roger Bivand},
  year = 2023,
  title = {Spatial Data Science: With Applications in {R}},
  publisher = {Chapman and Hall/CRC},
  address = {Boca Raton},
  URL = {https://doi.org/10.1201/9780429459016},
  doi = {10.1201/9780429459016}
}

